@misc{PEP8,
  title = {PEP 8 -- Style Guide for Python Code},
  howpublished = {\url{https://www.python.org/dev/peps/pep-0008/}},
  note = {Accessed: 2019-05-31}
}

@misc{SEI_CERT,
    title = {SEI CERT Coding Standards},
    howpublished = {\url{https://wiki.sei.cmu.edu/confluence/display/seccode/SEI+CERT+Coding+Standards}},
    note = {Accessed: 2019-05-31}
}
